<?xml version="1.0" encoding="UTF-8"?>
  <record xmlns="http://www.loc.gov/MARC21/slim" type="Authority">
    <leader>00000nz  a2200000oc 4500</leader>
    <controlfield tag="001">140476539</controlfield>
    <controlfield tag="003">DE-101</controlfield>
    <controlfield tag="005">20100210083404.0</controlfield>
    <controlfield tag="008">100210n||aznnnaabn           | aaa    |c</controlfield>
    <datafield tag="024" ind1="7" ind2=" ">
      <subfield code="a">140476539</subfield>
      <subfield code="0">http://d-nb.info/gnd/140476539</subfield>
      <subfield code="2">gnd</subfield>
    </datafield>
    <datafield tag="035" ind1=" " ind2=" ">
      <subfield code="a">(DE-101)140476539</subfield>
    </datafield>
    <datafield tag="035" ind1=" " ind2=" ">
      <subfield code="a">(DE-588)140476539</subfield>
    </datafield>
    <datafield tag="035" ind1=" " ind2=" ">
      <subfield code="z">(DE-588a)140476539</subfield>
      <subfield code="9">v:zg</subfield>
    </datafield>
    <datafield tag="040" ind1=" " ind2=" ">
      <subfield code="a">DE-7</subfield>
      <subfield code="c">DE-7</subfield>
      <subfield code="9">r:DE-12</subfield>
      <subfield code="b">ger</subfield>
      <subfield code="d">0007</subfield>
    </datafield>
    <datafield tag="042" ind1=" " ind2=" ">
      <subfield code="a">gnd3</subfield>
    </datafield>
    <datafield tag="043" ind1=" " ind2=" ">
      <subfield code="c">XA-DE</subfield>
    </datafield>
    <datafield tag="075" ind1=" " ind2=" ">
      <subfield code="b">p</subfield>
      <subfield code="2">gndgen</subfield>
    </datafield>
    <datafield tag="075" ind1=" " ind2=" ">
      <subfield code="b">piz</subfield>
      <subfield code="2">gndspec</subfield>
    </datafield>
    <datafield tag="079" ind1=" " ind2=" ">
      <subfield code="a">g</subfield>
      <subfield code="q">a</subfield>
      <subfield code="q">f</subfield>
    </datafield>
    <datafield tag="100" ind1="1" ind2=" ">
      <subfield code="a">Vitzthum von Eckstädt, Clara Catharina</subfield>
      <subfield code="d">1608-1658</subfield>
    </datafield>
    <datafield tag="375" ind1=" " ind2=" ">
      <subfield code="a">2</subfield>
      <subfield code="2">iso5218</subfield>
    </datafield>
    <datafield tag="400" ind1="1" ind2=" ">
      <subfield code="a">Vitzthum von Eckstädt, Clare Catharine</subfield>
      <subfield code="d">1608-1658</subfield>
    </datafield>
    <datafield tag="400" ind1="1" ind2=" ">
      <subfield code="a">Vitzthum von Eckstätt, Clara Catharina</subfield>
      <subfield code="d">1608-1658</subfield>
    </datafield>
    <datafield tag="400" ind1="1" ind2=" ">
      <subfield code="a">Vitzthum von Eckstätt, Clare Catharine</subfield>
      <subfield code="d">1608-1658</subfield>
    </datafield>
    <datafield tag="400" ind1="1" ind2=" ">
      <subfield code="a">Vitzthum von Eckstett, Clara Catharina</subfield>
      <subfield code="d">1608-1658</subfield>
    </datafield>
    <datafield tag="400" ind1="1" ind2=" ">
      <subfield code="a">Vitzthum von Eckstett, Clare Catharine</subfield>
      <subfield code="d">1608-1658</subfield>
    </datafield>
    <datafield tag="400" ind1="1" ind2=" ">
      <subfield code="a">Vitzthum von Eckstatt, Clara Catharina</subfield>
      <subfield code="d">1608-1658</subfield>
    </datafield>
    <datafield tag="400" ind1="1" ind2=" ">
      <subfield code="a">Vitzthum von Eckstatt, Clare Catharine</subfield>
      <subfield code="d">1608-1658</subfield>
    </datafield>
    <datafield tag="400" ind1="1" ind2=" ">
      <subfield code="a">Eckstädt, Clara Catharina Vitzthum &#152;von&#156;</subfield>
      <subfield code="d">1608-1658</subfield>
    </datafield>
    <datafield tag="400" ind1="1" ind2=" ">
      <subfield code="a">Eckstädt, Clare Catharine Vitzthum &#152;von&#156;</subfield>
      <subfield code="d">1608-1658</subfield>
    </datafield>
    <datafield tag="400" ind1="1" ind2=" ">
      <subfield code="a">Eckstätt, Clara Catharina Vitzthum &#152;von&#156;</subfield>
      <subfield code="d">1608-1658</subfield>
    </datafield>
    <datafield tag="400" ind1="1" ind2=" ">
      <subfield code="a">Eckstätt, Clare Catharine Vitzthum &#152;von&#156;</subfield>
      <subfield code="d">1608-1658</subfield>
    </datafield>
    <datafield tag="400" ind1="1" ind2=" ">
      <subfield code="a">Eckstett, Clara Catharina Vitzthum &#152;von&#156;</subfield>
      <subfield code="d">1608-1658</subfield>
    </datafield>
    <datafield tag="400" ind1="1" ind2=" ">
      <subfield code="a">Eckstett, Clare Catharine Vitzthum &#152;von&#156;</subfield>
      <subfield code="d">1608-1658</subfield>
    </datafield>
    <datafield tag="400" ind1="1" ind2=" ">
      <subfield code="a">Eckstatt, Clara Catharina Vitzthum &#152;von&#156;</subfield>
      <subfield code="d">1608-1658</subfield>
    </datafield>
    <datafield tag="400" ind1="1" ind2=" ">
      <subfield code="a">Eckstatt, Clare Catharine Vitzthum &#152;von&#156;</subfield>
      <subfield code="d">1608-1658</subfield>
    </datafield>
    <datafield tag="400" ind1="1" ind2=" ">
      <subfield code="a">Zetteritz, Clara Catharina &#152;von&#156;</subfield>
      <subfield code="d">1608-1658</subfield>
      <subfield code="4">nafr</subfield>
      <subfield code="4">https://d-nb.info/standards/elementset/gnd#EarlierNameOfThePerson</subfield>
      <subfield code="w">r</subfield>
      <subfield code="i">Frueherer Name</subfield>
      <subfield code="e">Frueherer Name</subfield>
    </datafield>
    <datafield tag="400" ind1="1" ind2=" ">
      <subfield code="a">Zetteritz, Clare Catharine &#152;von&#156;</subfield>
      <subfield code="d">1608-1658</subfield>
    </datafield>
    <datafield tag="500" ind1="1" ind2=" ">
      <subfield code="0">(DE-101)13887218X</subfield>
      <subfield code="0">(DE-588)13887218X</subfield>
      <subfield code="0">https://d-nb.info/gnd/13887218X</subfield>
      <subfield code="a">Vitzthum von Eckstädt, Hans Wilhelm</subfield>
      <subfield code="d">1604-1660</subfield>
      <subfield code="4">bezf</subfield>
      <subfield code="4">https://d-nb.info/standards/elementset/gnd#familialRelationship</subfield>
      <subfield code="w">r</subfield>
      <subfield code="i">Beziehung familiaer</subfield>
      <subfield code="e">Beziehung familiaer</subfield>
      <subfield code="9">v:Ehemann</subfield>
    </datafield>
    <datafield tag="548" ind1=" " ind2=" ">
      <subfield code="a">1608-1658</subfield>
      <subfield code="4">datl</subfield>
      <subfield code="4">https://d-nb.info/standards/elementset/gnd#dateOfBirthAndDeath</subfield>
      <subfield code="w">r</subfield>
      <subfield code="i">Lebensdaten</subfield>
    </datafield>
    <datafield tag="551" ind1=" " ind2=" ">
      <subfield code="0">(DE-101)040668320</subfield>
      <subfield code="0">(DE-588)4066832-0</subfield>
      <subfield code="0">https://d-nb.info/gnd/4066832-0</subfield>
      <subfield code="a">Wolfenbüttel</subfield>
      <subfield code="4">ortg</subfield>
      <subfield code="4">https://d-nb.info/standards/elementset/gnd#placeOfBirth</subfield>
      <subfield code="w">r</subfield>
      <subfield code="i">Geburtsort</subfield>
    </datafield>
    <datafield tag="667" ind1=" " ind2=" ">
      <subfield code="a">VD-17</subfield>
    </datafield>
    <datafield tag="672" ind1=" " ind2="0">
      <subfield code="a">Cadovius, Matthias: Interior Quies Et Tranquillitas Sanctorum. Das ist, Christlicher Leich-Sermon Von der wahren Seelenruhe der Heiligen. - 1658</subfield>
    </datafield>
    <datafield tag="678" ind1=" " ind2=" ">
      <subfield code="b">Ehefrau des Gräfl. Oldenburg. Kammerrats und Hofmeisters Hans Wilhelm Vitzthum von Eckstädt</subfield>
    </datafield>
    <datafield tag="913" ind1=" " ind2=" ">
      <subfield code="S">pnd</subfield>
      <subfield code="i">a</subfield>
      <subfield code="a">Vitzthum von Eckstädt, Clara Catharina</subfield>
      <subfield code="0">(DE-588a)140476539</subfield>
    </datafield>
  </record>
